@Article{item1,
title="Neuromapp: A Mini-application Framework to Improve Neural Simulators",
DOI="10.1007/978-3-319-58667-0_10",
journal="Lecture Notes in Computer Science High Performance Computing",
author="Ewart, Timothée and Planas, Judit and Cremonesi, Francesco and Langen, Kai and Schürmann, Felix and Delalondre, Fabien",
year="2017",
pages="181–198"
}

@Article{item2,
title="Introduction to Next-Generation Sequencing (NGS) and NGS Data Analysis",
DOI="10.1201/b19532-6",
journal="Next-Generation Sequencing Data Analysis",
year="2016",
pages="53–54"
}

@Article{item3,
title="An Algorithm for Modifying Neurotransmitter Release Probability Based on Pre- and Postsynaptic Spike Timing",
volume="13",
DOI="10.1162/089976601300014628",
number="1",
journal="Neural Computation",
author="Senn, Walter and Markram, Henry and Tsodyks, Misha",
year="2001",
pages="35–67"
}

@Article{item4,
title="Roofline",
volume="52",
url="http://people.eecs.berkeley.edu/~kubitron/cs252/handouts/papers/RooflineVyNoYellow.pdf",
DOI="10.1145/1498765.1498785",
number="4",
journal="Communications of the ACM",
author="Williams, Samuel and Waterman, Andrew and Patterson, David",
year="2009",
month="Jan",
pages="65"
}

@Article{item5,
title="Zlib compression library",
author="Gailly, Jean-loup and Adler, Mark",
year="2004"
}
